<record><leader>00000cas a22000007a 4500</leader><controlfield tag="001">10576223</controlfield><controlfield tag="008">840329d18941896mtuwr ne      0    0eng d</controlfield><datafield ind1=" " ind2=" " tag="010"><subfield code="a">sn 84036043 </subfield></datafield><datafield ind1=" " ind2=" " tag="040"><subfield code="a">MTL</subfield><subfield code="b">eng</subfield><subfield code="c">MTL</subfield><subfield code="d">OCLCQ</subfield></datafield><datafield ind1=" " ind2=" " tag="042"><subfield code="a">msc</subfield></datafield><datafield ind1=" " ind2=" " tag="043"><subfield code="a">n-us-mt</subfield></datafield><datafield ind1="0" ind2=" " tag="130"><subfield code="a">Basin times (Basin, Mont. : 1894)</subfield></datafield><datafield ind1="1" ind2="4" tag="245"><subfield code="a">The Basin times.</subfield></datafield><datafield ind1=" " ind2=" " tag="260"><subfield code="a">Basin, Mont. :</subfield><subfield code="b">Basin Times Co.,</subfield><subfield code="c">1894-1896.</subfield></datafield><datafield ind1=" " ind2=" " tag="300"><subfield code="a">3 v. :</subfield><subfield code="b">ill.</subfield></datafield><datafield ind1=" " ind2=" " tag="310"><subfield code="a">Weekly</subfield></datafield><datafield ind1="0" ind2=" " tag="362"><subfield code="a">Vol. 1, no. 1 (Feb. 10, 1894)-v. 3, no. 12 (Apr. 25, 1896).</subfield></datafield><datafield ind1=" " ind2=" " tag="500"><subfield code="a">"Independent," Feb. 10-Sept. 15, 1894.</subfield></datafield><datafield ind1=" " ind2=" " tag="500"><subfield code="a">"Republican," Sept. 22, 1894-Apr. 25, 1896.</subfield></datafield><datafield ind1=" " ind2=" " tag="530"><subfield code="a">Available on microfilm from Micro Photo Division, Bell and Howell.</subfield></datafield><datafield ind1=" " ind2=" " tag="752"><subfield code="a">United States</subfield><subfield code="b">Montana</subfield><subfield code="c">Jefferson</subfield><subfield code="d">Basin.</subfield></datafield><datafield ind1="0" ind2="0" tag="785"><subfield code="t">Butte times</subfield><subfield code="w">(DLC)sn 84036044</subfield></datafield></record>